<record><leader>00000cas a22000007a 4500</leader><controlfield tag="001">9777850</controlfield><controlfield tag="008">830804d18531857ohuwr ne      0    0eng d</controlfield><controlfield tag="009">3783</controlfield><datafield ind1=" " ind2=" " tag="010"><subfield code="a">sn 83035398 </subfield></datafield><datafield ind1=" " ind2=" " tag="040"><subfield code="a">NPY</subfield><subfield code="b">eng</subfield><subfield code="c">NPY</subfield><subfield code="d">OCL</subfield></datafield><datafield ind1=" " ind2=" " tag="042"><subfield code="a">msc</subfield></datafield><datafield ind1="0" ind2=" " tag="130"><subfield code="a">Free Presbyterian (Albany, Ohio : 1853)</subfield></datafield><datafield ind1="0" ind2="4" tag="245"><subfield code="a">The Free Presbyterian.</subfield></datafield><datafield ind1=" " ind2=" " tag="260"><subfield code="a">Albany, Ohio :</subfield><subfield code="b">J. Gordon and W.G. Kephart,</subfield><subfield code="c">1853-1857.</subfield></datafield><datafield ind1=" " ind2=" " tag="300"><subfield code="a">4 v. ;</subfield><subfield code="c">61 cm.</subfield></datafield><datafield ind1=" " ind2=" " tag="310"><subfield code="a">Weekly (irregular)</subfield></datafield><datafield ind1="0" ind2=" " tag="362"><subfield code="a">Vol. 3, no. 1 (Aug. 10, 1853)-v. 6, no. 49 (Sept. 30, 1857).</subfield></datafield><datafield ind1=" " ind2=" " tag="500"><subfield code="a">Published: Albany, Ohio : Gordon &amp; Kephart, 1853-Mar. 29, 1854; Yellow Springs, Ohio : J. Gordon, Apr. 26, 1854-1857.</subfield></datafield><datafield ind1=" " ind2=" " tag="515"><subfield code="a">No issues published between Mar. 29 and Apr. 26, 1854.</subfield></datafield><datafield ind1=" " ind2=" " tag="520"><subfield code="a">The Free Presbyterian was begun at Mercer, Penn. in 1850.  Wm. F. Clark was publisher, but the editorial work was done by Rev. Joseph Gordon.  In 1852, the Free Presbyterian was absorbed by the Christian press (Cincinnati, Ohio : 1852).  The Aug. 10, 1853 issue of the Free Presbyterian announces that the title has been re-established after nearly a year's lapse.</subfield></datafield><datafield ind1=" " ind2=" " tag="752"><subfield code="a">United States</subfield><subfield code="b">Ohio</subfield><subfield code="c">Athens</subfield><subfield code="d">Albany.</subfield></datafield><datafield ind1=" " ind2=" " tag="752"><subfield code="a">United States</subfield><subfield code="b">Ohio</subfield><subfield code="c">Greene</subfield><subfield code="d">Yellow Springs.</subfield></datafield><datafield ind1="1" ind2=" " tag="787"><subfield code="t">Christian press</subfield><subfield code="c">(Cincinnati, Ohio : 1852)</subfield></datafield><datafield ind1="1" ind2=" " tag="787"><subfield code="t">Free Presbyterian</subfield><subfield code="c">(Mercer, Penn. : 1850)</subfield></datafield></record>